@book{TigerBook,
    title={{M}odern {C}ompiler {I}mplementation in {J}ava},
    author={Andrew W Appel},
    year={2002},
    publisher={Cambridge University Press},
    edition={2nd},
    pages={501}
}

@article{swift-arc,
    author = {{Apple Inc.}},
    title = {Automatic Reference Counting},
    year = {2020},
    url = {\url{https://docs.swift.org/swift-book/LanguageGuide/AutomaticReferenceCounting.html}},
    note = {\mbox{Visited 2020-12-20}}
}

@Book{c17-standard,
  author = {ISO},
  title = {ISO\slash IEC 9899:2017: Programming languages --- C},
  year = "2018",
  URL = "http://www.open-std.org/jtc1/sc22/wg14/www/docs/n2310.pdf"
}

@article{gcc-stmt-exprs,
    author = {{Free Software Foundation}},
    title = {Statements and Declarations in Expressions},
    year = {2020},
    url = {\url{https://gcc.gnu.org/onlinedocs/gcc/Statement-Exprs.html}},
    note = {\mbox{Visited 2020-12-20}}
}

@article{v8-gc,
    author = {Degenbaev, Ulan and Lippautz, Michael and Payer, Hannes},
    title = {Concurrent marking in V8},
    year = {2018},
    url = {\url{https://v8.dev/blog/concurrent-marking}},
    note = {\mbox{Visited 2020-12-20}}
}

@inproceedings{vtable,
  title={Protecting C++ Dynamic Dispatch Through VTable Interleaving.},
  author={Bounov, Dimitar and Kici, Rami G{\"o}khan and Lerner, Sorin},
  booktitle={NDSS},
  year={2016}
}